<record xmlns="http://www.loc.gov/MARC21/slim">
   <leader>03479cam a2200433 i 4500</leader>
   <controlfield tag="001">6785788</controlfield>
   <controlfield tag="003">OCoLC</controlfield>
   <controlfield tag="005">20150421091211.0</controlfield>
   <controlfield tag="008">140428s2015    enkaf    b    001 0 eng  </controlfield>
   <datafield ind1=" " ind2=" " tag="010">
      <subfield code="a">  2014016029</subfield>
   </datafield>
   <datafield ind1=" " ind2=" " tag="020">
      <subfield code="a">9780415535229 (hardback)</subfield>
   </datafield>
   <datafield ind1=" " ind2=" " tag="020">
      <subfield code="a">0415535220 (hardback)</subfield>
   </datafield>
   <datafield ind1=" " ind2=" " tag="020">
      <subfield code="a">9780415535236 (pbk.)</subfield>
   </datafield>
   <datafield ind1=" " ind2=" " tag="020">
      <subfield code="a">0415535239 (pbk.)</subfield>
   </datafield>
   <datafield ind1=" " ind2=" " tag="020">
      <subfield code="z">9780203393147 (ebook)</subfield>
   </datafield>
   <datafield ind1=" " ind2=" " tag="035">
      <subfield code="a">ocn878813048</subfield>
   </datafield>
   <datafield ind1=" " ind2=" " tag="039">
      <subfield code="a">exclude</subfield>
   </datafield>
   <datafield ind1=" " ind2=" " tag="040">
      <subfield code="a">DLC</subfield>
      <subfield code="b">eng</subfield>
      <subfield code="e">rda</subfield>
      <subfield code="c">DLC</subfield>
      <subfield code="d">YDX</subfield>
      <subfield code="d">YDXCP</subfield>
      <subfield code="d">BTCTA</subfield>
      <subfield code="d">BDX</subfield>
      <subfield code="d">OCLCF</subfield>
      <subfield code="d">MUU</subfield>
      <subfield code="d">CHVBK</subfield>
      <subfield code="d">OCLCO</subfield>
      <subfield code="d">AEU</subfield>
   </datafield>
   <datafield ind1=" " ind2=" " tag="042">
      <subfield code="a">pcc</subfield>
   </datafield>
   <datafield ind1="0" ind2="0" tag="050">
      <subfield code="a">HF5823</subfield>
      <subfield code="b">.W466 2015</subfield>
   </datafield>
   <datafield ind1="0" ind2="0" tag="082">
      <subfield code="a">659.1</subfield>
      <subfield code="2">23</subfield>
   </datafield>
   <datafield ind1=" " ind2=" " tag="090">
      <subfield code="a">HF5823 .W466 2015</subfield>
      <subfield code="b">AEGMCT</subfield>
   </datafield>
   <datafield ind1=" " ind2=" " tag="090">
      <subfield code="a">HF5823 .W466 2015</subfield>
      <subfield code="b">AEGMCT</subfield>
   </datafield>
   <datafield ind1="1" ind2=" " tag="100">
      <subfield code="a">Wharton, Chris</subfield>
      <subfield code="c">(Lecturer in advertising and media),</subfield>
      <subfield code="e">author.</subfield>
   </datafield>
   <datafield ind1="1" ind2="0" tag="245">
      <subfield code="a">Advertising :</subfield>
      <subfield code="b">critical approaches /</subfield>
      <subfield code="c">Chris Wharton ; with a political economy of advertising chapter by Jonathan Hardy.</subfield>
   </datafield>
   <datafield ind1=" " ind2="1" tag="264">
      <subfield code="a">Abingdon, Oxon ;</subfield>
      <subfield code="a">New York, NY :</subfield>
      <subfield code="b">Routledge, Taylor &amp; Francis Group,</subfield>
      <subfield code="c">2015.</subfield>
   </datafield>
   <datafield ind1=" " ind2=" " tag="300">
      <subfield code="a">x, 228 pages, 4 unnumbered pages of plates :</subfield>
      <subfield code="b">illustrations (some color) ;</subfield>
      <subfield code="c">26 cm</subfield>
   </datafield>
   <datafield ind1=" " ind2=" " tag="336">
      <subfield code="a">text</subfield>
      <subfield code="b">txt</subfield>
      <subfield code="2">rdacontent</subfield>
   </datafield>
   <datafield ind1=" " ind2=" " tag="337">
      <subfield code="a">unmediated</subfield>
      <subfield code="b">n</subfield>
      <subfield code="2">rdamedia</subfield>
   </datafield>
   <datafield ind1=" " ind2=" " tag="338">
      <subfield code="a">volume</subfield>
      <subfield code="b">nc</subfield>
      <subfield code="2">rdacarrier</subfield>
   </datafield>
   <datafield ind1=" " ind2=" " tag="504">
      <subfield code="a">Includes bibliographical references (pages 194-213) and index.</subfield>
   </datafield>
   <datafield ind1="0" ind2=" " tag="505">
      <subfield code="a">Introduction -- Part I: Foundations -- The nature of advertising history -- Historical outline -- Market society and its critics -- Political economic approaches to advertising / Jonathan Hardy -- Cultural and critical approaches -- Part II: Frameworks -- Advertising framework and encoding -- Texts -- Reception -- Part II: Applications -- Advertising in the home -- Outdoor advertising -- Sound and vision -- Consumer culture.</subfield>
   </datafield>
   <datafield ind1=" " ind2=" " tag="520">
      <subfield code="a">Advertising: Critical Approaches explores a broad range of critical theories and perspectives to shed new light on the organisation, workings and effects of the advertising industry today.  Chris Wharton presents the social, cultural and economic role of advertising across history, with chapters tracking the process of advertising from production to reception.  Split into three sections covering Foundations, Frameworks and Applications, the book's chapters explore a range of areas central to an insight into the development of modern advertising, including:  advertising history cultural, critical and political economy approaches to advertising texts in advertising the reception of advertising advertising in the home and outdoor advertising consumer culture. Case studies explore the diversity in the uses of advertising throughout history, from Ostia and the Square of the Corporations in the ancient Roman world to the UK Border Agency's 'Go Home' campaign and contemporary City branding throughout Europe.  Assessing the impact of the works of key critical thinkers including Marx, Morris, Lyotard, Barthes, Saussure, Williams and Hall have had on our understanding of consumption and advertising's societal impact, Advertising: Critical Approaches illuminates and enhances our understanding and engagement with one of the most vital cultural and economic forces in contemporary society. -- Provided by publisher.</subfield>
   </datafield>
   <datafield ind1=" " ind2=" " tag="596">
      <subfield code="a">29</subfield>
   </datafield>
   <datafield ind1=" " ind2="0" tag="650">
      <subfield code="a">Advertising.</subfield>
   </datafield>
   <datafield ind1=" " ind2=" " tag="949">
      <subfield code="a">HF5823 .W466 2015</subfield>
      <subfield code="h">GMCT-OS-B</subfield>
      <subfield code="i">1007558958</subfield>
      <subfield code="p">67.34</subfield>
      <subfield code="k">AVAIL_SOON</subfield>
   </datafield>
   <datafield ind1="1" ind2=" " tag="029">
      <subfield code="a">CHVBK</subfield>
      <subfield code="b">329909614</subfield>
   </datafield>
   <datafield ind1="1" ind2=" " tag="029">
      <subfield code="a">CHBIS</subfield>
      <subfield code="b">010163837</subfield>
   </datafield>
   <datafield ind1=" " ind2=" " tag="926">
      <subfield code="a">HF5823 .W466 2015</subfield>
      <subfield code="w">LC</subfield>
      <subfield code="c">1</subfield>
      <subfield code="i">1007558958</subfield>
      <subfield code="d">5/18/2016</subfield>
      <subfield code="e">2/22/2016</subfield>
      <subfield code="l">ON_SHELF</subfield>
      <subfield code="m">GR_MACEWAN</subfield>
      <subfield code="n">2</subfield>
      <subfield code="p">$67.34</subfield>
      <subfield code="r">Y</subfield>
      <subfield code="s">Y</subfield>
      <subfield code="t">BOOK</subfield>
      <subfield code="u">4/27/2015</subfield>
   </datafield>
</record>
